@article{Dahlhaus,
 author = {Dahlhaus, E. and Johnson, D. S. and Papadimitriou, C. H. and Seymour, P. D. and Yannakakis, M.},
 title = {The Complexity of Multiterminal Cuts},
 journal = {SIAM J. Comput.},
 issue_date = {Aug. 1994},
 volume = {23},
 number = {4},
 month = aug,
 year = {1994},
 issn = {0097-5397},
 pages = {864--894},
 numpages = {31},
 url = {http://dx.doi.org/10.1137/S0097539792225297},
 doi = {10.1137/S0097539792225297},
 acmid = {182379},
 publisher = {Society for Industrial and Applied Mathematics},
 address = {Philadelphia, PA, USA},
 keywords = {NP-completeness, network flow, partitioning, planar graphs},
} 

@inproceedings{Dahlhaus_Alon,
 author = {Dahlhaus, E. and Johnson, D. S. and Papadimitriou, C. H. and Seymour, P. D. and Yannakakis, M.},
 title = {The Complexity of Multiway Cuts (Extended Abstract)},
 booktitle = {Proceedings of the Twenty-fourth Annual ACM Symposium on Theory of Computing},
 series = {STOC '92},
 year = {1992},
 isbn = {0-89791-511-9},
 location = {Victoria, British Columbia, Canada},
 pages = {241--251},
 numpages = {11},
 url = {http://doi.acm.org/10.1145/129712.129736},
 doi = {10.1145/129712.129736},
 acmid = {129736},
 publisher = {ACM},
 address = {New York, NY, USA},
} 

@TechReport{Bertsimas,
  author={Bertsimas, Dimitris and Teo, Chungpiaw. and Vohra, Rakesh V.},
  title={{Nonlinear formulations and improved randomized approximation algorithms for multiway and multicut problems}},
  institution={Massachusetts Institute of Technology (MIT), Sloan School of Management},
  type={Working papers},
  url={https://ideas.repec.org/p/mit/sloanp/2587.html},
  number={3838-95.},
  abstract={No abstract is available for this item.},
  keywords={HD28 .M414 no.3838-95},
  doi={},
}


@article{chopra_1,
year={1996},
issn={0025-5610},
journal={Mathematical Programming},
volume={73},
number={1},
doi={10.1007/BF02592096},
title={Extended formulations for the A-cut problem},
url={http://dx.doi.org/10.1007/BF02592096},
publisher={Springer-Verlag},
keywords={A-cut; Polyhedron; Facets},
author={Chopra, Sunil and Owen, JonathanH.},
pages={7-30},
language={English}
}

@article {chopra_2,
author = {Chopra, Sunil and Rao, M. R.},
title = {On the multiway cut polyhedron},
journal = {Networks},
volume = {21},
number = {1},
publisher = {Wiley Subscription Services, Inc., A Wiley Company},
issn = {1097-0037},
url = {http://dx.doi.org/10.1002/net.3230210106},
doi = {10.1002/net.3230210106},
pages = {51--89},
year = {1991},
}


@misc{Cunningham,
    author = {Cunningham, W.H},
    title = {The Optimal Multiterminal Cut Problem},
    publisher = {DIMACS Series in Discrete Mathematics and Theoretical Computer Science},
    year = {1991}
}

@misc{illinois_content,
OPTkey = {illinois},
 title = "{Multiway Cut and k-way Cut}",
howpublished = {\url{https://courses.engr.illinois.edu/cs598csc/sp2009/lectures/lecture_7.pdf}},
OPTmonth = 	 {September},
  OPTyear = 	 {1997},
  OPTnote = 	 {},
  OPTannote = 	 {},
}

@misc{mit_content,
OPTkey = {mit},
 title = "{Multiway Cut}",
howpublished = {\url{http://math.mit.edu/~goemans/18434S06/multiway-adam.pdf}},
OPTmonth = 	 {September},
  OPTyear = 	 {2007},
  OPTnote = 	 {},
  OPTannote = 	 {},
}

@inproceedings{Karger_current,
 author = {Karger, David R. and Klein, Philip and Stein, Cliff and Thorup, Mikkel and Young, Neal E.},
 title = {Rounding Algorithms for a Geometric Embedding of Minimum Multiway Cut},
 booktitle = {Proceedings of the Thirty-first Annual ACM Symposium on Theory of Computing},
 series = {STOC '99},
 year = {1999},
 isbn = {1-58113-067-8},
 location = {Atlanta, Georgia, USA},
 pages = {668--678},
 numpages = {11},
 url = {http://doi.acm.org/10.1145/301250.301430},
 doi = {10.1145/301250.301430},
 acmid = {301430},
 publisher = {ACM},
 address = {New York, NY, USA},
} 